=LDR  00756 as a22002537i 4500
=001  018670731
=003  Uk
=005  20180105085935.0
=006  m\\\\\|\\d\|\\\\\\
=007  cr\|||||||||||
=008  180105c\\\\9999\\\\\\p\o\\\\\0\\\a0eng\\
=FMT  \\$a  SE
=245  00$aThe weekly of Vilnius archive.
=246  \\$aThe weekly of Vilnius (weekly edition)
=264  \1$bEast View Information Services.
=336  \\$atext$2rdacontent
=337  \\$acomputer$2rdamedia
=338  \\$aonline resource$2rdacarrier
=859  \\$aELD
=852  41$aBritish Library$bHMNTS$je-media
=985  \\$aELD accessioning record awaiting upgrade
=CAT  \\$a10902$b40$c20180105$lBLL01$h0859
=STA  \\$aSUPPRESSED$bIngested as issues
=LAS  \\$a10902$b40$c20180105$lBLL01$h0859

